<record><leader>00000cas a22000007a 4500</leader><controlfield tag="001">13789735</controlfield><controlfield tag="008">860627d1928193uinuwr n       0    0eng d</controlfield><datafield ind1=" " ind2=" " tag="010"><subfield code="a">sn 86058270 </subfield></datafield><datafield ind1=" " ind2=" " tag="040"><subfield code="a">NPI</subfield><subfield code="b">eng</subfield><subfield code="c">NPI</subfield><subfield code="d">OCLCQ</subfield></datafield><datafield ind1=" " ind2=" " tag="042"><subfield code="a">msc</subfield></datafield><datafield ind1="0" ind2="0" tag="245"><subfield code="a">Lake County news-times.</subfield></datafield><datafield ind1=" " ind2=" " tag="260"><subfield code="a">Hobart, Ind. :</subfield><subfield code="b">Inter-City Press,</subfield><subfield code="c">1928-</subfield></datafield><datafield ind1=" " ind2=" " tag="310"><subfield code="a">Weekly</subfield></datafield><datafield ind1="0" ind2=" " tag="362"><subfield code="a">Vol. 1, no. 1 (Nov. 2, 1928)-</subfield></datafield><datafield ind1="1" ind2=" " tag="362"><subfield code="a">Ceased in early 1930's.</subfield><subfield code="z">Cf. Miller, John W. Indiana newspaper bibliog.</subfield></datafield><datafield ind1=" " ind2=" " tag="752"><subfield code="a">United States</subfield><subfield code="b">Indiana</subfield><subfield code="c">Lake</subfield><subfield code="d">Hobart.</subfield></datafield><datafield ind1="0" ind2="4" tag="780"><subfield code="t">East Gary times</subfield><subfield code="w">(DLC)sn 86058269</subfield></datafield><datafield ind1="0" ind2="4" tag="780"><subfield code="t">Lake County news (Lake Station, Ind.)</subfield></datafield></record>